<record><leader>00000cas a22000007a 4500</leader><controlfield tag="001">19816846</controlfield><controlfield tag="008">890605d18871890moudr ne      0    0eng d</controlfield><datafield ind1=" " ind2=" " tag="010"><subfield code="a">sn 89066155 </subfield></datafield><datafield ind1=" " ind2=" " tag="040"><subfield code="a">MQN</subfield><subfield code="b">eng</subfield><subfield code="c">MQN</subfield><subfield code="d">OCLCQ</subfield></datafield><datafield ind1=" " ind2=" " tag="042"><subfield code="a">msc</subfield></datafield><datafield ind1="0" ind2="0" tag="245"><subfield code="a">Chillicothe daily constitution.</subfield></datafield><datafield ind1="3" ind2="0" tag="246"><subfield code="a">Daily Chillicothe constitution</subfield></datafield><datafield ind1="3" ind2="0" tag="246"><subfield code="a">Chillicothe morning constitution</subfield></datafield><datafield ind1="3" ind2="0" tag="246"><subfield code="a">Morning constitution</subfield></datafield><datafield ind1="3" ind2="0" tag="246"><subfield code="a">Sunday morning constitution</subfield></datafield><datafield ind1="3" ind2="0" tag="246"><subfield code="a">New Chillicothe constitution</subfield></datafield><datafield ind1=" " ind2=" " tag="260"><subfield code="a">Chillicothe, Mo. :</subfield><subfield code="b">M.P. Gilchrist</subfield></datafield><datafield ind1=" " ind2=" " tag="300"><subfield code="a">v.</subfield></datafield><datafield ind1=" " ind2=" " tag="310"><subfield code="a">Daily</subfield></datafield><datafield ind1="1" ind2=" " tag="362"><subfield code="a">Began in 1887? Ceased in 1890.</subfield></datafield><datafield ind1=" " ind2=" " tag="500"><subfield code="a">"Daily" appears in masthead ornament.</subfield></datafield><datafield ind1=" " ind2=" " tag="500"><subfield code="a">Title varies.</subfield></datafield><datafield ind1=" " ind2=" " tag="588"><subfield code="a">Description based on: Vol. 3, no. 239 (Dec. 2, 1889).</subfield></datafield><datafield ind1=" " ind2="4" tag="651"><subfield code="a">Chillicothe (Mo.)</subfield><subfield code="v">Newspapers.</subfield></datafield><datafield ind1=" " ind2=" " tag="752"><subfield code="a">United States</subfield><subfield code="b">Missouri</subfield><subfield code="c">Livingston</subfield><subfield code="d">Chillicothe.</subfield></datafield><datafield ind1="0" ind2=" " tag="775"><subfield code="t">Chillicothe semi-weekly constitution</subfield><subfield code="w">(DLC)sn 89066149</subfield></datafield><datafield ind1="0" ind2="0" tag="785"><subfield code="t">Chillicothe constitution (Chillicothe, Mo. : 1890 : Daily)</subfield><subfield code="w">(DLC)sn 86063608</subfield></datafield><datafield ind1="1" ind2=" " tag="029"><subfield code="a">AU@</subfield><subfield code="b">000020550555</subfield></datafield></record>